@article{SelfDriving1,
    title = {{3D Object Detection for Autonomous Driving: A Comprehensive Survey}},
    year = {2022},
    journal = {International Journal of Computer Vision},
    author = {Mao, Jiageng and Shi, Shaoshuai and Wang, Xiaogang and Li, Hongsheng},
    pages = {1909--1963},
    volume = {131},
    url = {https://api.semanticscholar.org/CorpusID:257921140}
}

@article{StyleGAN1,
    title = {{A Style-Based Generator Architecture for Generative Adversarial Networks}},
    year = {2018},
    journal = {2019 IEEE/CVF Conference on Computer Vision and Pattern Recognition (CVPR)},
    author = {Karras, Tero and Laine, Samuli and Aila, Timo},
    pages = {4396--4405},
    url = {https://api.semanticscholar.org/CorpusID:54482423}
}

@article{VIT,
    title = {{An Image is Worth 16x16 Words: Transformers for Image Recognition at Scale}},
    year = {2020},
    journal = {ArXiv},
    author = {Dosovitskiy, Alexey and Beyer, Lucas and Kolesnikov, Alexander and Weissenborn, Dirk and Zhai, Xiaohua and Unterthiner, Thomas and Dehghani, Mostafa and Minderer, Matthias and Heigold, Georg and Gelly, Sylvain and Uszkoreit, Jakob and Houlsby, Neil},
    volume = {abs/2010.11929},
    url = {https://api.semanticscholar.org/CorpusID:225039882}
}

@article{StyleGAN2,
    title = {{Analyzing and Improving the Image Quality of StyleGAN}},
    year = {2019},
    journal = {2020 IEEE/CVF Conference on Computer Vision and Pattern Recognition (CVPR)},
    author = {Karras, Tero and Laine, Samuli and Aittala, Miika and Hellsten, Janne and Lehtinen, Jaakko and Aila, Timo},
    pages = {8107--8116},
    url = {https://api.semanticscholar.org/CorpusID:209202273}
}

@misc{ANSYS,
    title = {{ANSYS Fluent}},
    publisher = {ANSYS, Inc.},
    address = {Canonsburg, PA }
}

@inproceedings{Attention1,
    title = {{Attention is All you Need}},
    year = {2017},
    booktitle = {Advances in Neural Information Processing Systems},
    author = {Vaswani, Ashish and Shazeer, Noam and Parmar, Niki and Uszkoreit, Jakob and Jones, Llion and Gomez, Aidan N and Kaiser, Ł ukasz and Polosukhin, Illia},
    editor = {Guyon, I and Luxburg, U Von and Bengio, S and Wallach, H and Fergus, R and Vishwanathan, S and Garnett, R},
    pages = {},
    volume = {30},
    publisher = {Curran Associates, Inc.},
    url = {https://proceedings.neurips.cc/paper_files/paper/2017/file/3f5ee243547dee91fbd053c1c4a845aa-Paper.pdf}
}

@inproceedings{BERT,
    title = {{BERT: Pre-training of Deep Bidirectional Transformers for Language Understanding}},
    year = {2019},
    booktitle = {North American Chapter of the Association for Computational Linguistics},
    author = {Devlin, Jacob and Chang, Ming-Wei and Lee, Kenton and Toutanova, Kristina},
    url = {https://api.semanticscholar.org/CorpusID:52967399}
}

@inproceedings{Bibek2023,
    title = {{Boundary Aware U-Net for Glacier Segmentation}},
    year = {2023},
    booktitle = {Proceedings of the Northern Lights Deep Learning Workshop},
    author = {Aryal, Bibek and Miles, Katie and Vargas Zesati, Sergio and Fuentes, Olac},
    month = {5},
    pages = {},
    volume = {4},
    doi = {10.7557/18.6789}
}

@inproceedings{Zhao2019,
    title = {{Data Augmentation Using Learned Transformations for One-Shot Medical Image Segmentation}},
    year = {2019},
    booktitle = {Proceedings of the IEEE/CVF Conference on Computer Vision and Pattern Recognition (CVPR)},
    author = {Zhao, Amy and Balakrishnan, Guha and Durand, Fredo and Guttag, John V and Dalca, Adrian V},
    month = {6}
}

@article{EfficientNet,
    title = {{EfficientNet: Rethinking Model Scaling for Convolutional Neural Networks}},
    year = {2019},
    journal = {ArXiv},
    author = {Tan, Mingxing and Le, Quoc V},
    volume = {abs/1905.11946},
    url = {https://api.semanticscholar.org/CorpusID:167217261}
}

@article{FCN,
    title = {{Fully convolutional networks for semantic segmentation}},
    year = {2014},
    journal = {2015 IEEE Conference on Computer Vision and Pattern Recognition (CVPR)},
    author = {Shelhamer, Evan and Long, Jonathan and Darrell, Trevor},
    pages = {3431--3440},
    url = {https://api.semanticscholar.org/CorpusID:1629541}
}

@article{StableDiffusion1,
    title = {{High-Resolution Image Synthesis with Latent Diffusion Models}},
    year = {2021},
    journal = {2022 IEEE/CVF Conference on Computer Vision and Pattern Recognition (CVPR)},
    author = {Rombach, Robin and Blattmann, A and Lorenz, Dominik and Esser, Patrick and Ommer, Björn},
    pages = {10674--10685},
    url = {https://api.semanticscholar.org/CorpusID:245335280}
}

@article{CNN1,
    title = {{ImageNet classification with deep convolutional neural networks}},
    year = {2012},
    journal = {Communications of the ACM},
    author = {Krizhevsky, Alex and Sutskever, Ilya and Hinton, Geoffrey E},
    pages = {84 - 90},
    volume = {60},
    url = {https://api.semanticscholar.org/CorpusID:195908774}
}

@article{ImageNet,
    title = {{ImageNet: A large-scale hierarchical image database}},
    year = {2009},
    journal = {2009 IEEE Conference on Computer Vision and Pattern Recognition},
    author = {Deng, Jia and Dong, Wei and Socher, Richard and Li, Li-Jia and Li, K and Fei-Fei, Li},
    pages = {248--255},
    url = {https://api.semanticscholar.org/CorpusID:57246310}
}

@article{GPT3,
    title = {{Language Models are Few-Shot Learners}},
    year = {2020},
    journal = {ArXiv},
    author = {Brown, Tom B and Mann, Benjamin and Ryder, Nick and Subbiah, Melanie and Kaplan, Jared and Dhariwal, Prafulla and Neelakantan, Arvind and Shyam, Pranav and Sastry, Girish and Askell, Amanda and Agarwal, Sandhini and Herbert-Voss, Ariel and Krueger, Gretchen and Henighan, Tom and Child, Rewon and Ramesh, Aditya and Ziegler, Daniel M and Wu, Jeff and Winter, Clemens and Hesse, Christopher and Chen, Mark and Sigler, Eric and Litwin, Mateusz and Gray, Scott and Chess, Benjamin and Clark, Jack and Berner, Christopher and McCandlish, Sam and Radford, Alec and Sutskever, Ilya and Amodei, Dario},
    volume = {abs/2005.14165},
    url = {https://api.semanticscholar.org/CorpusID:218971783}
}

@inproceedings{GRU,
    title = {{Learning Phrase Representations using RNN Encoder–Decoder for Statistical Machine Translation}},
    year = {2014},
    booktitle = {Conference on Empirical Methods in Natural Language Processing},
    author = {Cho, Kyunghyun and van Merrienboer, Bart and G{\"{u}}l{\c{c}}ehre, Çaglar and Bahdanau, Dzmitry and Bougares, Fethi and Schwenk, Holger and Bengio, Yoshua},
    url = {https://api.semanticscholar.org/CorpusID:5590763}
}

@article{RelationNet,
    title = {{Learning to Compare: Relation Network for Few-Shot Learning}},
    year = {2017},
    journal = {2018 IEEE/CVF Conference on Computer Vision and Pattern Recognition},
    author = {Sung, Flood and Yang, Yongxin and Zhang, Li and Xiang, Tao and Torr, Philip H S and Hospedales, Timothy M},
    pages = {1199--1208},
    url = {https://api.semanticscholar.org/CorpusID:4412459}
}

@article{LSTM,
    title = {{Long Short-Term Memory}},
    year = {1997},
    journal = {Neural Computation},
    author = {Hochreiter, Sepp and Schmidhuber, Jürgen},
    pages = {1735--1780},
    volume = {9},
    url = {https://api.semanticscholar.org/CorpusID:1915014}
}

@inproceedings{Baik1,
    title = {{Meta-Learning With Task-Adaptive Loss Function for Few-Shot Learning}},
    year = {2021},
    booktitle = {Proceedings of the IEEE/CVF International Conference on Computer Vision (ICCV)},
    author = {Baik, Sungyong and Choi, Janghoon and Kim, Heewon and Cho, Dohee and Min, Jaesik and Lee, Kyoung Mu},
    month = {10},
    pages = {9465--9474}
}

@inproceedings{COCO,
    title = {{Microsoft COCO: Common Objects in Context}},
    year = {2014},
    booktitle = {European Conference on Computer Vision},
    author = {Lin, Tsung-Yi and Maire, Michael and Belongie, Serge J and Hays, James and Perona, Pietro and Ramanan, Deva and Doll{\'{a}}r, Piotr and Zitnick, C Lawrence},
    url = {https://api.semanticscholar.org/CorpusID:14113767}
}

@article{MLPMixer,
    title = {{MLP-Mixer: An all-MLP Architecture for Vision}},
    year = {2021},
    journal = {ArXiv},
    author = {Tolstikhin, Ilya O and Houlsby, Neil and Kolesnikov, Alexander and Beyer, Lucas and Zhai, Xiaohua and Unterthiner, Thomas and Yung, Jessica and Keysers, Daniel and Uszkoreit, Jakob and Lucic, Mario and Dosovitskiy, Alexey},
    volume = {abs/2105.01601},
    url = {https://api.semanticscholar.org/CorpusID:233714958}
}

@inproceedings{MAML,
    title = {{Model-Agnostic Meta-Learning for Fast Adaptation of Deep Networks}},
    year = {2017},
    booktitle = {International Conference on Machine Learning},
    author = {Finn, Chelsea and Abbeel, P and Levine, Sergey},
    url = {https://api.semanticscholar.org/CorpusID:6719686}
}

@phdthesis{Godwill1,
    title = {{Modeling the Spatiotemporal Dynamics of Active Regions on the Sun Using Deep Neural Networks}},
    year = {2021},
    author = {Amankwa, Godwill},
    month = {1},
    school = {University of Texas, El Paso},
    keywords = {Computer science; Astrophysics; Astronomy; Artificial intelligence}
}

@article{MANet,
    title = {{Multiattention Network for Semantic Segmentation of Fine-Resolution Remote Sensing Images}},
    year = {2020},
    journal = {IEEE Transactions on Geoscience and Remote Sensing},
    author = {Li, Rui and Zheng, Shunyi and Duan, Chenxi and Su, Jianlin},
    pages = {1--13},
    volume = {60},
    url = {https://api.semanticscholar.org/CorpusID:221507549}
}

@article{Perez2022,
    title = {{Physics-Informed Long-Short Term Memory Neural Network Performance on Holloman High-Speed Test Track Sled Study}},
    year = {2022},
    journal = {American Society of Mechanical Engineers, Fluids Engineering Division (Publication) FEDSM},
    author = {P{\'{e}}rez, José and Baez, Rafael and Terrazas, Jose and Rodr{\'{i}}guez, Arturo and Villanueva, Daniel and Fuentes, Olac and Kumar, Vinod and Paez, Brandon and Cruz, Abdiel},
    month = {9},
    volume = {2},
    publisher = {American Society of Mechanical Engineers Digital Collection},
    url = {https://dx.doi.org/10.1115/FEDSM2022-86953},
    isbn = {9780791885840},
    doi = {10.1115/FEDSM2022-86953},
    issn = {08888116},
    keywords = {Architecture, Artificial neural networks, Braking, Computational fluid dynamics, Errors, Fluid dynamics, Fluids, Geometry, Physics, Simulation, Water}
}

@article{PINNS,
    title = {{Physics-informed neural networks: A deep learning framework for solving forward and inverse problems involving nonlinear partial differential equations}},
    year = {2019},
    journal = {J. Comput. Phys.},
    author = {Raissi, Maziar and Perdikaris, Paris and Karniadakis, George Em},
    pages = {686--707},
    volume = {378},
    url = {https://api.semanticscholar.org/CorpusID:57379996}
}

@inproceedings{PrototypicalNetworks,
    title = {{Prototypical Networks for Few-shot Learning}},
    year = {2017},
    booktitle = {Neural Information Processing Systems},
    author = {Snell, Jake and Swersky, Kevin and Zemel, Richard S},
    url = {https://api.semanticscholar.org/CorpusID:309759}
}

@article{GoLIVE1,
    title = {{Rapid large-area mapping of ice flow using Landsat 8}},
    year = {2016},
    journal = {Remote Sensing of Environment},
    author = {Fahnestock, Mark and Scambos, Ted and Moon, Twila and Gardner, Alex and Haran, Terry and Klinger, Marin},
    pages = {84--94},
    volume = {185},
    url = {https://www.sciencedirect.com/science/article/pii/S003442571530211X},
    doi = {https://doi.org/10.1016/j.rse.2015.11.023},
    issn = {0034-4257},
    keywords = {Antarctica, Glaciers, Greenland, Ice flow, Landsat, Remote sensing}
}

@inproceedings{Siamese1,
    title = {{Siamese Neural Networks for One-Shot Image Recognition}},
    year = {2015},
    author = {Koch, Gregory R},
    url = {https://api.semanticscholar.org/CorpusID:13874643}
}

@inproceedings{SupervisedContrastiveLearning,
    title = {{Supervised Contrastive Learning}},
    year = {2020},
    booktitle = {Advances in Neural Information Processing Systems},
    author = {Khosla, Prannay and Teterwak, Piotr and Wang, Chen and Sarna, Aaron and Tian, Yonglong and Isola, Phillip and Maschinot, Aaron and Liu, Ce and Krishnan, Dilip},
    editor = {Larochelle, H and Ranzato, M and Hadsell, R and Balcan, M F and Lin, H},
    pages = {18661--18673},
    volume = {33},
    publisher = {Curran Associates, Inc.},
    url = {https://proceedings.neurips.cc/paper_files/paper/2020/file/d89a66c7c80a29b1bdbab0f2a1a94af8-Paper.pdf}
}

@inproceedings{TADAM,
    title = {{TADAM: Task dependent adaptive metric for improved few-shot learning}},
    year = {2018},
    booktitle = {Neural Information Processing Systems},
    author = {Oreshkin, Boris N and L{\'{o}}pez, Pau Rodríguez and Lacoste, Alexandre},
    url = {https://api.semanticscholar.org/CorpusID:44061218}
}

@article{MNIST,
    title = {{The MNIST database of handwritten digit images for machine learning research}},
    year = {2012},
    journal = {IEEE Signal Processing Magazine},
    author = {Deng, Li},
    number = {6},
    pages = {141--142},
    volume = {29},
    publisher = {Institute of Electrical and Electronics Engineers Inc.},
    doi = {10.1109/MSP.2012.2211477},
    issn = {10535888}
}

@article{UNet,
    title = {{U-Net: Convolutional Networks for Biomedical Image Segmentation}},
    year = {2015},
    journal = {ArXiv},
    author = {Ronneberger, Olaf and Fischer, Philipp and Brox, Thomas},
    volume = {abs/1505.04597},
    url = {https://api.semanticscholar.org/CorpusID:3719281}
}

@article{UnifiedLoss,
    title = {{Unified Focal loss: Generalising Dice and cross entropy-based losses to handle class imbalanced medical image segmentation}},
    year = {2022},
    journal = {Computerized Medical Imaging and Graphics},
    author = {Yeung, Michael and Sala, Evis and Sch{\"{o}}nlieb, Carola Bibiane and Rundo, Leonardo},
    month = {1},
    pages = {102026},
    volume = {95},
    publisher = {Pergamon},
    doi = {10.1016/J.COMPMEDIMAG.2021.102026},
    issn = {0895-6111},
    pmid = {34953431},
    arxivId = {2102.04525},
    keywords = {Class imbalance, Convolutional neural networks, Loss function, Machine learning, Medical image segmentation}
}

@article{ReLU,
    title = {{Visual Feature Extraction by a Multilayered Network of Analog Threshold Elements}},
    year = {1969},
    journal = {IEEE Trans. Syst. Sci. Cybern.},
    author = {Fukushima, Kunihiko},
    pages = {322--333},
    volume = {5},
    url = {https://api.semanticscholar.org/CorpusID:206799280}
}

@misc{GlacierImportance,
    title = {{Why Glaciers Matter | National Snow and Ice Data Center}},
    year = {2023},
    author = {{National Snow and Ice Data Center}},
    url = {https://nsidc.org/learn/parts-cryosphere/glaciers/why-glaciers-matter}
}

@article{YOLOv1,
    title = {{You Only Look Once: Unified, Real-Time Object Detection}},
    year = {2015},
    journal = {2016 IEEE Conference on Computer Vision and Pattern Recognition (CVPR)},
    author = {Redmon, Joseph and Divvala, Santosh Kumar and Girshick, Ross B and Farhadi, Ali},
    pages = {779--788},
    url = {https://api.semanticscholar.org/CorpusID:206594738}
}